@Inproceedings{herlihy06,
    author = {Tali Moreshet and R. Iris Bahar and Maurice Herlihy},
    title = {Energy-Aware Microprocessor Synchronization: Transactional Memory vs. Locks },
    booktitle = {Proc. of the Workshop on Memory Performance Issues},
    year = {2006},
    month = {February}
}

@mastersthesis{bandeira10,
    author = {Rafael de Le\~ao Bandeira},
    title  = {Compilador para a linguagem CMTJava},
    school = {Universidade Federal de Pelotas},
    year   = {2010},
    type = {Trabalho de Conclus\~{a}o de Curso (Bacharelado em Ci\^{e}ncia da Computa\c{c}\~{a}o)}
}

@inproceedings{herlihy93,
    author = {Maurice Herlihy and J. Eliot and B. Moss},
    title = {Transactional Memory: Architectural Support for Lock-Free Data Structures},
    booktitle = {in Proc. of the 20th Annual Intl. Symposium on Computer Architecture},
    year = {1993},
    pages = {289--300}
}

@mastersthesis{baldassinTese09,
    author = {Alexandro Jos√© Baldassin},
    title  = {Explorando Mem\'{o}ria Transacional em Software nos Contextos de Arquiteturas Assim\'{e}tricas, Jogos Computacionais e Consumo de Energia},
    school = {Universidade Estadual de Campinas},
    year   = {2009},
    type   = {Disserta\c{c}\~{a}o de Doutorado}
}
